% This file was created with JabRef 2.7.
% Encoding: Cp1252

@BOOK{combopt,
  title = {Combinatorial Optimization - Theory and Algorithms},
  publisher = {Springer},
  year = {2002},
  editor = {Kurt Mattes, Heidelberg},
  author = {Benhard Korte et. al.},
  owner = {Lappie},
  timestamp = {2012.02.29}
}

@MISC{idianrules,
  author = {Indian railways},
  title = {luggage rules},
  owner = {Aleksander},
  timestamp = {2012.02.16},
  url = {http://www.trainenquiry.com/StaticContent/Railway_Amnities/E_R/LUGGAGE.aspx}
}

@BOOK{knapsackproblems,
  title = {Knapsack Problems},
  publisher = {Springer},
  year = {2004},
  author = {Prof. Hans Kellerer et. al.},
  owner = {Lappie},
  timestamp = {2012.02.27}
}

@MISC{onlinecheck,
  author = {Susan foster},
  title = {Pack smart for Travel},
  howpublished = {Smart Travel press},
  owner = {Aleksander},
  timestamp = {2012.02.22},
  url = {http://www.roadandtravel.com/traveladvice/luggagepackingtips.htm}
}

@MISC{SAS,
  author = {SAS Airline},
  title = {Checked-in luggage},
  owner = {Kasper},
  timestamp = {2012.02.10},
  url = {http://www.sas.dk/Charter/Bagage/Indchecket-bagage/?vst=true}
}

@MISC{Prohibited_Luggage,
  author = {Copenhagen Airlines},
  title = {Prohibited Items},
  howpublished = {Internet},
  owner = {Kasper},
  timestamp = {2012.02.10},
  url = {http://www.cph.dk/CPH/DK/MAIN/Foer+afrejse/Bagage/Indskrevet+bagage.htm}
}

@MISC{danskecharter,
  author = {Henrik Baumgarten},
  title = {Det solgte de danske chartarbureauer sidste aar},
  month = {02},
  year = {2012},
  owner = {Aleksander},
  timestamp = {2012.02.14},
  url = {http://www.takeoff.dk/news/22548}
}

@MISC{newrules,
  author = {Crete-Kreta},
  title = {New rules for hand luggage at all EU airports},
  howpublished = {Internet},
  month = {6th of Nov},
  year = {2006},
  owner = {Dagowich},
  timestamp = {2012.02.08},
  url = {http://www.crete-kreta.com/new-rules-hand-luggage-all-eu-airports}
}

@MISC{General_rules,
  author = {Danksflyferie},
  title = {General luggage rules},
  owner = {Kasper},
  timestamp = {2012.02.10},
  url = {http://www.danskflyferie.dk/infovilkaar-bagageregler.html}
}

@MISC{rulestrain,
  author = {DSB},
  title = {Bagage},
  owner = {Aleksander},
  timestamp = {2012.02.16},
  url = {http://www.dsb.dk/kundeservice/service-i-toget/bagage/}
}

@ARTICLE{three-dim-pack,
  author = {Erick Dube AND Leon R. Kanavathy},
  title = {Optimizing three-dimensional bin packing through simulation},
  owner = {Christian},
  timestamp = {2012.03.21}
}

@MISC{Why_rules,
  author = {EU-Kommisionen},
  title = {Bagage rules released},
  owner = {Kasper},
  timestamp = {2012.02.13},
  url = {http://europa.eu/rapid/pressReleasesAction.do?reference=MEMO/06/363\&format=HTML\&aged=0\&language=EN\&guiLanguage=en}
}

@MISC{checkpacklist,
  author = {GreenbeanSoft},
  title = {Checkmark Packlist},
  howpublished = {Andriodzoom},
  year = {2010},
  owner = {Aleksander},
  timestamp = {2012.02.22},
  url = {http://www.androidzoom.com/android_applications/travel_and_local/checkmark-packlist_sbut.html}
}

@MISC{minerva,
  author = {Michael Hammel, IT-University, Copenhagen},
  title = {Target Group Model, Minerva Model},
  year = {2003},
  owner = {Dagowich},
  timestamp = {2012.02.27},
  url = {http://www.itu.dk/courses/W1/E2003/noter/09_maalgrupper.pdf}
}

@MISC{Cruise,
  author = {MSCcruise},
  title = {Cruise luggage},
  owner = {Kasper},
  timestamp = {2012.02.28},
  url = {http://www.msccruises.dk/dk_da/Krydstogtsguide/For-afrejsen.aspx}
}

@BOOK{appofdismath,
  title = {Applications of Discrete Mathematics},
  publisher = {McGraw-Hill, INC.},
  year = {1991},
  editor = {John G. Michaels},
  author = {Kenneth H. Rosen},
  owner = {numb},
  timestamp = {2012.02.26}
}

@MISC{altombag,
  author = {SAS},
  title = {Bagageovervaegt},
  year = {2012},
  owner = {Aleksander},
  timestamp = {2012.02.14},
  url = {http://www.sas.dk/Alt-om-rejsen/Bagage/Bagageovervagt/?WT.ac=AOR-DK-bg-overvaegt}
}

@MISC{packingpro,
  author = {top iphone application},
  title = {Luggage packing app},
  howpublished = {top iphone application},
  month = {february},
  year = {2011},
  owner = {Aleksander},
  timestamp = {2012.02.22},
  url = {http://www.topiphoneapplication.com/luggage-packing-app/}
}

@MISC{Farlig_bagage,
  author = {Sikker Trafik},
  title = {Loes bagage er farligt},
  owner = {Kasper},
  timestamp = {2012.02.22},
  url = {http://www.sikkertrafik.dk/I-bil/Paa-ferie-i-bil/Loes-bagage-er-farligt.aspx}
}

@MISC{airstat,
  author = {Bureau of Transportation Statistics (RITA)},
  title = {Baggage fees by airline},
  month = {23 jan},
  year = {2012},
  owner = {Aleksander},
  timestamp = {2012.02.14},
  url = {http://www.bts.gov/programs/airline\_information/baggage\_fees/}
}

@ARTICLE{Stricter_rules,
  author = {Paul Zielbauer},
  title = {After the attacks},
  journal = {The New York Times},
  year = {2001},
  owner = {Kasper},
  timestamp = {2012.02.14},
  url = {http://www.nytimes.com/2001/09/13/us/after-attacks-airport-security-faa-announces-stricter-rules-knives-no-longer.html}
}

@MISC{solvingmaze,
  title = {The e-Commerce shipping Calculator demo},
  howpublished = {SolvingMaze},
  owner = {Aleksander},
  timestamp = {2012.02.22},
  url = {http://solvingmaze.com/demo}
}

